@BOOK{Clarke:1,
AUTHOR="Edmund M. Clarke, Jr., Orna Grumberg, and Doron A.Peled",
TITLE="Model Checking",
PUBLISHER="The MIT Press",
YEAR = "2000"
}
@BOOK{Baier:2,
AUTHOR="Christel Baier and Joost-Pieter Katoen",
TITLE="Principles of Model Checking",
PUBLISHER="The MIT Press",
YEAR = "2008"
}
@BOOK{Kozen:3,
AUTHOR="D. Kozen",
TITLE="Results on the prepositional mu-calculus",
PUBLISHER="Elsevier Science Publishers B.V.",
YEAR = "1983"
}
@BOOK{Burch:4,
AUTHOR="J. R. Burch, E. M. Clarke, and K. L. McMillan",
TITLE="Symbolic Model Checking 10^{20} States and Beyond*",
PUBLISHER="LICS",
YEAR = "1990"
}
@BOOK{Jhala:5,
AUTHOR="Ranjit Jhala and Rupak Majumdar",
TITLE="Software Model Checking",
PUBLISHER="ACM Press",
}
@BOOK{Waldmann:6,
AUTHOR="Johannes Waldmann",
TITLE="The OBDD package",
PUBLISHER="https://github.com/jwaldmann/haskell-obdd",
}
